<?xml version="1.0" encoding="UTF-8" ?>
<record Numero="42008009" format="InterXMarc_Complet" type="Bibliographic">
<leader>00459c0 m 22000271  45a <Pos Code="0004">00459</Pos>
	<Pos Code="05" Sens="notice modifiée">c</Pos>
	<Pos Code="06" Sens="notice terminée">0</Pos>
	<Pos Code="08" Sens="monographie">m</Pos>
	<Pos Code="10">2</Pos>
	<Pos Code="11">2</Pos>
	<Pos Code="1216">00027</Pos>
	<Pos Code="17" Sens="notice moyenne">1</Pos>
	<Pos Code="20">4</Pos>
	<Pos Code="21">5</Pos>
	<Pos Code="22" Sens="texte imprime">a</Pos>
</leader>
<controlfield tag="001">FRBNF42008009000000X<Pos Code="0001">FR</Pos>
	<Pos Code="0204">BNF</Pos>
	<Pos Code="0512">42008009</Pos>
	<Pos Code="1315">000</Pos>
	<Pos Code="1618">000</Pos>
	<Pos Code="19">X</Pos>
</controlfield>
<controlfield tag="008">090624s 2008                 gbeng     b  001 <Pos Code="0001">09</Pos>
<Pos Code="0203">06</Pos>
<Pos Code="0405">24</Pos>
<Pos Code="06" Sens="date simple">s</Pos>
<Pos Code="0811">2008</Pos>
<Pos Code="2930" Sens="Grande-Bretagne">gb</Pos>
<Pos Code="3133" Sens="anglais">eng</Pos>
<Pos Code="39" Sens="latin étendu">b</Pos>
<Pos Code="42" Sens="nombre de centaines">0</Pos>
<Pos Code="43" Sens="nombre de dizaines">0</Pos>
<Pos Code="44" Sens="nombre d&apos;unites">1</Pos>
</controlfield>
<controlfield tag="009">a                  <Pos Code="00" Sens="texte imprimé">a</Pos>
</controlfield>
<datafield tag="020" ind1=" " ind2=" ">
	<subfield code="a">978-0-7546-4780-5</subfield>
	<subfield code="b">rel.</subfield>
</datafield>
<datafield tag="100" ind1=" " ind2=" ">
	<subfield code="3">15082500</subfield>
	<subfield code="w">.0..b.....</subfield>
	<subfield code="a">Berry</subfield>
	<subfield code="m">David</subfield>
	<subfield code="d">1960-....</subfield>
	<subfield code="4" Sens="Auteur du texte">0070</subfield>
</datafield>
<datafield tag="245" ind1="1" ind2=" ">
	<subfield code="a">Journalism, ethics and society</subfield>
	<subfield code="d">Texte imprimé</subfield>
	<subfield code="f">David Berry,...</subfield>
</datafield>
<datafield tag="260" ind1=" " ind2=" ">
	<subfield code="a">Farnham</subfield>
	<subfield code="c">Ashgate</subfield>
	<subfield code="d">cop. 2008</subfield>
</datafield>
<datafield tag="280" ind1=" " ind2=" ">
	<subfield code="a">1 vol. (157 p.)</subfield>
	<subfield code="d">24 cm</subfield>
</datafield>
<datafield tag="300" ind1=" " ind2=" ">
	<subfield code="a">Bibliogr. p. 141-151</subfield>
</datafield>
<datafield tag="606" ind1=" " ind2=" ">
	<subfield code="3">11940427</subfield>
	<subfield code="a">Journalistes</subfield>
	<subfield code="x">Déontologie</subfield>
</datafield>
<datafield tag="606" ind1=" " ind2=" ">
	<subfield code="3">12551435</subfield>
	<subfield code="a">Médias</subfield>
	<subfield code="x">Aspect moral</subfield>
</datafield>
<Alter Ori="11940427">
<datafield tag="466" ind1=" " ind2=" ">
	<subfield code="w">....b.....</subfield>
	<subfield code="a">Journalisme</subfield>
	<subfield code="x">Aspect moral</subfield>
</datafield>
</Alter>
<Alter Ori="12551435">
<datafield tag="466" ind1=" " ind2=" ">
	<subfield code="w">....b.....</subfield>
	<subfield code="a">Éthique de l&apos;information</subfield>
</datafield>
<datafield tag="466" ind1=" " ind2=" ">
	<subfield code="w">....b.....</subfield>
	<subfield code="a">Éthique des médias</subfield>
</datafield>
<datafield tag="466" ind1=" " ind2=" ">
	<subfield code="w">....b.....</subfield>
	<subfield code="a">Information</subfield>
	<subfield code="x">Aspect moral</subfield>
</datafield>
<datafield tag="466" ind1=" " ind2=" ">
	<subfield code="w">....b.....</subfield>
	<subfield code="a">Médias et morale</subfield>
</datafield>
<datafield tag="466" ind1=" " ind2=" ">
	<subfield code="w">....b.....</subfield>
	<subfield code="a">Morale et médias</subfield>
</datafield>
</Alter>
<Attr Nom="NumeroNotice">42008009</Attr>
<Attr Nom="IDPerenne">ark:/12148/cb42008009s</Attr>
<Attr Nom="TypeNotice">M</Attr>
<Attr Nom="TypeDoc" Sens="imprimé (sauf périodique)">I</Attr>
<Attr Nom="SousCatalogue" Sens="D1 RdJ">U</Attr>
<Attr Nom="DateBib">01/01/ 2008</Attr>
<Attr Nom="TypeDate" Sens="date de publication">U</Attr>
<Attr Nom="LanguePublication">eng</Attr>
<Attr Nom="Lieu" Sens="Royaume-Uni.">GB</Attr>
<Attr Nom="TypeLieu" Sens="pays de publication">U</Attr>
<Attr Nom="ISBNFTri">9780754647805</Attr>
<Attr Nom="DateCreation">24/06/ 2009</Attr>
<Attr Nom="ResponsableCreation">DURAND FRANCOISE</Attr>
<Attr Nom="StructCreation">77</Attr>
<Attr Nom="DatePremiereValidation">22/01/ 2010</Attr>
<Attr Nom="ResponsablePremiereValidation">BIDAULT CHRISTELLE</Attr>
<Attr Nom="StructPremiereValidation">77</Attr>
<Attr Nom="DateDerniereValidation">22/01/ 2010</Attr>
<Attr Nom="ResponsableDerniereValidation">BIDAULT CHRISTELLE</Attr>
<Attr Nom="StructDerniereValidation">77</Attr>
<Attr Nom="Lieu" Rep="1">FARNHAM</Attr>
<Attr Nom="TypeLieu" Rep="1" Sens="ville d&apos;édition">D</Attr>
<PEX NR="1" NO="1">
<Attr Nom="NumNoticeBib">42008009</Attr>
<Attr Nom="ConditionCommunication" Sens="Magasin">M</Attr>
<Attr Nom="ModeEntree" Sens="acquisitions">ACQ</Attr>
<Attr Nom="NumeroInventaire">2009-196338</Attr>
<Attr Nom="Destination" Sens="Philosophie, histoire, sciences de l&apos;homme">D1</Attr>
<Attr Nom="Usage" Sens="magasin">M</Attr>
<Attr Nom="StatutAcquisition" Sens="complet ou publication arrêtée">2</Attr>
<Attr Nom="LettrageMillesimeSupport">2009</Attr>
<Attr Nom="FinNumeroCote">196338</Attr>
<Attr Nom="CodeDroit" Sens="communicable">COM</Attr>
<Attr Nom="Permission" Sens="oui">O</Attr>
<Attr Nom="DateDebutDroit">00000000</Attr>
<Attr Nom="DateFinDroit">00000000</Attr>
<Attr Nom="Disponibilite" Sens="exemplaire réputé présent">P</Attr>
<Attr Nom="CodeSupportPhysique" Sens="livre">8</Attr>
<Attr Nom="CodeOriginal">O</Attr>
<Attr Nom="DateCreation">28/08/ 2009</Attr>
<Attr Nom="ResponsableCreation">BNF0014894</Attr>
<Attr Nom="Etablissement" Sens="Bibliothèque Nationale de France">BNF</Attr>
<Attr Nom="SousCatalogue" Sens="D1 RdJ">U</Attr>
</PEX>
</record>
